@Article{Bergmann:2000,
  author        = {Reinhard Bergmann and John Ludbrook and Will P. J. M. Spooren},
  title         = {Different Outcomes of the {W}ilcoxon-{M}ann-{W}hitney Test from
		   Different Statistics Packages},
  journal       = {The American Statistician},
  year          = {2000},
  volume        = {54},
  number        = {1},   
  pages         = {72--77},
}

@book{WestfallYoung1993,
   author = {Peter H. Westfall and S. Stanley Young},
   title = {Resampling-Based Multiple Testing},
   publisher = {John Wiley \& Sons},
   address = {New York},
   year = {1993}     
}

@manual{StatXact6,
   author    = {{Cytel Inc.}},
   title     = {\pkg{StatXact}~6: Statistical Software for Exact Nonparametric
                Inference},
   organization = {Cytel Software Corporation},
   year      = {2003},
   address   = {Cambridge, MA},
   url = {http://www.cytel.com/}
}

@manual{LogXact8,
   author    = {{Cytel Inc.}},
   title     = {\pkg{LogXact}~8: Discrete Regression Software Featuring Exact Methods},
   organization = {Cytel Software Corporation},
   year      = {2006},
   address   = {Cambridge, MA},
   url = {http://www.cytel.com/}
}


@Manual{SAS,
  author        = {{\proglang{SAS} Institute Inc.}},
  title         = {\proglang{SAS/STAT} Software, Version 9.1},
  year          = {2003},
  address       = {Cary, NC},
  url           = {http://www.sas.com/}
}

@Manual{Stata,
  author        = {{StataCorp.}},
  title         = {\proglang{Stata} Statistical Software: Release 8},
  year          = {2003},
  organization  = {StataCorp LP},
  address       = {College Station, TX},
  url           = {http://www.stata.com/}
}

@Article{vcd,
  author	= {David Meyer and Achim Zeileis and Kurt Hornik},
  title		= {The Strucplot Framework: Visualizing Multi-Way Contingency Tables with \pkg{vcd}},
  journal	= {Journal of Statistical Software},
  year		= {2006},
  volume	= {17},
  number	= {3},
  url		= {http://www.jstatsoft.org/v17/i03/}
}


@article{vdWiel2001,
   author = {Mark A. van de Wiel},
   title = {The Split-Up Algorithm: A Fast
            Symbolic Method for Computing $p$~Values of Rank Statistics},
   year = 2001,
   journal = {Computational Statistics},
   volume = 16, 
   pages = {519-538}
}
 
@book{HollanderWolfe1999,
   author    = {Myles Hollander and Douglas A. Wolfe},
   title     = {Nonparametric Statistical Inference}, 
   year      = {1999},
   publisher = {John Wiley \& Sons},
   address   = {New York},
   edition   = {2nd}
}

@article{axact-dist:1986,
   key       = {55},
   author    = {Bernd Streitberg and Joachim R\"ohmel},
   title     = {Exact Distributions for Permutation and Rank Tests:
       An Introduction to Some Recently Published Algorithms},
   journal   = {Statistical Software Newsletter},
   pages     = {10-17},
   year      = {1986},
   volume    = {12},
   number    = {1},
   note      = {{ISSN} 1609-3631}
}

@article{exakte-ver:1987,
   key       = {87},
   author    = {Bernd Streitberg and Joachim R\"ohmel},
   title     = {Exakte  {V}erteilungen f\"ur {R}ang- und {R}andomisierungstests im
       allgemeinen $c$-{S}tichprobenfall},
   journal   = {EDV in Medizin und Biologie},
   pages     = {12-19},
   year      = {1987},
   volume    = {18},
   number    = {1}
}

@article{numerical-:1992,
   key       = {116},
   author    = {Genz, Alan},
   title     = {Numerical Computation of Multivariate Normal Probabilities},
   journal   = {Journal of Computational and Graphical Statistics},
   pages     = {141-149},
   year      = {1992},
   volume    = {1}
}

@Manual{PKG:multtest,
    title = {\pkg{multtest}: Resampling-Based Multiple Hypothesis Testing},
    author = {Katherine S. Pollard and Yongchao Ge and Sandrine Dudoit},
    year = {2008},
    note = {\proglang{R}~package version~1.21.1},
    url           = {http://CRAN.R-project.org/package=multtest}
}

@Manual{PKG:e1071,
    title = {\pkg{e1071}: Misc Functions of the Department of Statistics (e1071), TU Wien},
    author = {Evgenia Dimitriadou and Kurt Hornik and Friedrich Leisch and David Meyer and Andreas Weingessel},
    year = {2008},
    note = {\proglang{R}~package version~1.5-18},
    url  = {http://CRAN.R-project.org/package=e1071}
}

@Book{johnsonkotz1970,
  author	= {Norman L. Johnson and Samuel Kotz},
  title		= {Distributions in Statistics: Continuous Univariate Distributions~2},
  year		= {1970},
  publisher	= {John Wiley \& Sons},
  address	= {New York}
}

@Book{		  agresti2002,
  key		= {514},
  author	= {Alan Agresti},
  title		= {Categorical Data Analysis},
  year		= 2002,
  edition	= {2nd},
  publisher	= {John Wiley \& Sons},
  address	= {Hoboken, New Jersey}
}

@Article{	  numerical1992,
  key		= {116},
  author	= {Alan Genz},
  title		= {Numerical Computation of Multivariate Normal
		  Probabilities},
  journal	= {Journal of Computational and Graphical Statistics},
  pages		= {141-149},
  year		= {1992},
  volume	= {1}
}

@Manual{	  rcore2007,
  title		= {\proglang{R}: {A} Language and Environment for Statistical Computing},
  author	= {{\proglang{R} Development Core Team}},
  organization	= {\proglang{R} Foundation for Statistical Computing},
  address	= {Vienna, Austria},
  year          = {2008},
  note          = {{ISBN} 3-900051-07-0},  
  url		= {http://www.R-project.org/}
}

@Book{		  fisher1935,
  author	= {R. A. Fisher},
  title		= {The Design of Experiments},
  year		= 1935,
  publisher	= {Oliver and Boyd},
  address	= {Edinburgh, UK}
}

@Manual{	  pkg:coin,
  title		= {\pkg{coin}: Conditional Inference Procedures in a Permutation
		  Test Framework},
  author	= {Torsten Hothorn and Kurt Hornik and Mark A. van de Wiel and
		  Achim Zeileis},
  year		= {2008},
  note		= {\proglang{R}~package version~1.0-0},
  url		= {http://CRAN.R-project.org/package=coin}
}

@Article{wieletal1999,
  author = {Mark A. van de Wiel and A. Di Bucchianico and P. van der Laan},
  title = {Exact Distributions of Nonparametric Test Statistics and Computer Algebra}, 
  year = 1999,
  journal = {Journal of the Royal Statistical Society D}, 
  volume = 48, 
  pages = {507-516}
}

@Article{	  strasserweber1999,
  key		= {448},
  author	= {Helmut Strasser and Christian Weber},
  title		= {On the Asymptotic Theory of Permutation Statistics},
  journal	= {Mathematical Methods of Statistics},
  pages		= {220-250},
  year		= {1999},
  volume	= {8},
  note          = {preprint available from \url{http://epub.wu-wien.ac.at/dyn/openURL?id=oai:epub.wu-wien.ac.at:epub-wu-01_94c}}
}

@Article{Hothorn:2006:AmStat,
  key = {575},
  author        = {Torsten Hothorn and Kurt Hornik and
                   Mark A. van de Wiel and Achim Zeileis},
  title         = {A {L}ego System for Conditional Inference},
  journal       = {The American Statistician},
  year          = {2006},
  volume        = {60},
  number         = {3},   
  pages         = {257--263},
  doi           = {10.1198/000313006X118430}
}

@book{theory-of-:-1999,  
   key       = {113},
   author    = {Jaroslav H\'ajek and Zbyn\v{e}k \v{S}id\'ak and Pranab K. Sen},
   title     = {Theory of Rank Tests},
   year      = {1999},
   publisher = {Academic Press},
   address   = {London}, 
   edition   = {2nd}  
}

@article{constructi:1972, 
   key       = {1},  
   author    = {David F. Bauer},
   title     = {Constructing Confidence Sets Using Rank Statistics},
   journal   = {Journal of the American Statistical Association},
   pages     = {687-690},
   year      = {1972},   
   volume    = {67},    
   number    = {339}
}
 

@Article{Rnews:Hothorn+Lausen:2002,
  author       = {Torsten Hothorn and Berthold Lausen},
  title        = {Maximally Selected Rank Statistics in \proglang{R}},
  journal      = {\proglang{R} News}, 
  year         = 2002,
  volume       = 2,
  number       = 1,
  pages        = {3--5},
  month        = {March},    
  ISSN         = {1609-3631},
  url          = {http://CRAN.R-project.org/doc/Rnews/},
}

@Article{Rnews:Hothorn:2001,
  author       = {Torsten Hothorn},
  title        = {On Exact Rank Tests in \proglang{R}},
  journal      = {\proglang{R} News},
  year         = 2001,
  volume       = 1,
  number       = 1,
  pages        = {11--12},
  month        = {January},
  ISSN         = {1609-3631},
  url          = {http://CRAN.R-project.org/doc/Rnews/},
}

@Conference{HothornHornik:2002:CompStat,
   key       = {336},
   author    = {Torsten Hothorn and Kurt Hornik},
   editor    = {W. H\"ardle and B. R\"onz},
   title     = {Exact Nonparametric Inference in \proglang{R}},
   booktitle = {Proceedings in Computational Statistics: COMPSTAT 2002},
   pages     = {355--360},
   year      = {2002},
   publisher = {Physica-Verlag},
   address   = {Heidelberg}
}

@Manual{pkg:exactRankTests,
    title = {\pkg{exactRankTests}: Exact Distributions for Rank and Permutation Tests},
    author = {Torsten Hothorn and Kurt Hornik},
    year = {2006},
    note = {\proglang{R}~package version~0.8-17},
    url = {http://CRAN.R-project.org/package=exactRankTests}
}


@Manual{pkg:maxstat,
    title = {\pkg{maxstat}: Maximally Selected Rank Statistics},
    author = {Torsten Hothorn},
    year = {2007},
    note = {\proglang{R}~package version~0.7-12},
    url = {http://CRAN.R-project.org/package=maxstat}
}

@article{Ernst2004, 
  author = {Michael D. Ernst},
  title = {Permutation Methods: {A} Basis for Exact Inference},
  journal = {Statistical Science},
  year = 2004,  
  volume = 19,  
  number = 4,
  pages = {676-685},
}

@Article{         oster2003,
  key           = {556},
  author        = {Robert A. Oster},
  title         = {An Examination of Statistical Software Packages for
                  Categorical Data Analysis Using Exact Methods--{P}art II},
  journal       = {The American Statistician},
  year          = 2003,
  volume        = 57,  
  number        = 3,   
  pages         = {201-213}
}
 
@Article{         oster2002,
  key           = {555},
  author        = {Robert A. Oster},
  title         = {An Examination of Statistical Software Packages for
                  Categorical Data Analysis Using Exact Methods},
  journal       = {The American Statistician},
  year          = 2002,
  volume        = 56,  
  number        = 3,   
  pages         = {235-246}
}

 @Manual{PKG:mvtnorm,
    title = {\pkg{mvtnorm}: Multivariate Normal and T Distribution},
    author = {Alan Genz and Frank Bretz and Torsten Hothorn}, 
    year = {2008},
    note = {\proglang{R}~package version~0.9-2},
    url = {http://CRAN.R-project.org/package=mvtnorm}  
}

 @Manual{PKG:modeltools,
    title = {\pkg{modeltools}: Tools and Classes for Statistical Models},
    author = {Torsten Hothorn and Friedrich Leisch and Achim Zeileis},
    year = {2008},
    note = {\proglang{R}~package version~0.2-16},
    url = {http://CRAN.R-project.org/package=modeltools}  
}

@book{RaynerBest2001,
   author = {J. C. W. Rayner and D. J. Best},
   title = {A Contingency Table Approach to 
            Nonparametric Testing},
   year = {2001},
   publisher = {Chapman \& Hall}, 
   address = {New York}
}

@Manual{PKG:Biobase,
    title = {\pkg{Biobase}: Base Functions for Bioconductor},
    author = {Robert Gentleman and Vince Carey},
    year = {2005},
    note = {\proglang{R}~package version~1.5.12},
    url = {http://www.bioconductor.org/}
}

@article{Bergmann:2000a,
   author    = {Reinhard Bergmann and John Ludbrook and
       Will P. J. M. Spooren},
   title     = {Different Outcomes of the {Wilcoxon-Mann-Whitney}
       Test From Different Statistics Packages},
   journal   = {The American Statistician},
   pages     = {72--77},
   year      = {2000},
   volume    = {54},
   number    = {1}
}

@article{Hothorn+Hornik+VanDeWiel:2008,
  author = {Torsten Hothorn and Kurt Hornik and
            Mark A. van de Wiel and Achim Zeileis},
  title = {Implementing a Class of Permutation Tests: The \pkg{coin} Package},
  year = {2008},
  volume = {28},
  number = {8},
  pages = {1--23},
  journal = {Journal of Statistical Software},
  url = {http://www.jstatsoft.org/v28/i08/},
}
