@Article{ernst2004,
  key =          561,
  author =       {Michael D. Ernst},
  title =        {Permutation Methods: {A} Basis for Exact Inference},
  journal =      {Statistical Science},
  year =         2004,
  volume =       19,
  number =       4,
  pages =        {676-685}
}

@Article{janssenpauls2003,
  key =          560,
  author =       {Arnold Janssen and Torsten Pauls},
  title =        {How Do Bootstrap and Permutation Tests Work?},
  journal =      {The Annals of Statistics},
  year =         2003,
  volume =       31,
  number =       3,
  pages =        {768-806}
}

@Article{shuster2005,
  key =          559,
  author =       {Jonathan J. Shuster},
  title =        {Diagnostics for Assumptions in Moderate to Large Simple
                  Clinical Trials: {D}o They Really Help?},
  journal =      {Statistics in Medicine},
  year =         2005,
  volume =       24,
  number =       16,
  pages =        {2431-2438}
}

@Article{balkinmallows2001,
  key =          558,
  author =       {Sandy D. Balkin and Colin L. Mallows},
  title =        {An Adjusted, Asymmetric Two-Sample $t$ Test},
  journal =      {The American Statistician},
  year =         2001,
  volume =       55,
  number =       3,
  pages =        {203-206}
}

@Article{oster2003,
  key =          556,
  author =       {Robert A. Oster},
  title =        {An Examination of Statistical Software Packages for
                  Categorical Data Analysis Using Exact Methods--{P}art II},
  journal =      {The American Statistician},
  year =         2003,
  volume =       57,
  number =       3,
  pages =        {201-213}
}

@Article{oster2002,
  key =          555,
  author =       {Robert A. Oster},
  title =        {An Examination of Statistical Software Packages for
                  Categorical Data Analysis Using Exact Methods},
  journal =      {The American Statistician},
  year =         2002,
  volume =       56,
  number =       3,
  pages =        {235-246}
}

@Article{molefeetal2005,
  key =          553,
  author =       {Daniel F. Molefe and James J. Chen and Paul C. Howard and
                  Barbara J. Miller and Christopher P. Sambuco and P. Donald
                  Forbes and Ralph L. Kodell},
  year =         2005,
  title =        {Tests for Effects on Tumor Frequency and Latency in Multiple
                  Dosing Photococarcinogenicity Experiments},
  journal =      {Journal of Statistical Planning and Inference},
  volume =       129,
  pages =        {39-58}
}

@Article{salibhillier1997,
  key =          552,
  author =       {Emad Salib and Valerie Hillier},
  title =        {A Case-Control Study of Smoking and Alzheimer's Disease},
  journal =      {International Journal of Geriatric Psychiatry},
  year =         1997,
  volume =       12,
  pages =        {295-300}
}

@Article{boenscheta2005,
  key =          530,
  author =       {D. B{\"o}nsch and T. Lederer and U. Reulbach and T.  Hothorn
                  and J. Kornhuber and S. Bleich},
  title =        {Joint Analysis of the {NACP-REP1} Marker Within the Alpha
                  Synuclein Gene Concludes Association with Alcohol Dependence},
  journal =      {Human Molecular Genetics},
  year =         2005,
  volume =       14,
  number =       7,
  pages =        {967-971}
}

@Article{rosenbaum1994a,
  key =          527,
  author =       {Paul R. Rosenbaum},
  title =        {Coherence in Observational Studies},
  journal =      {Biometrics},
  year =         1994,
  volume =       50,
  pages =        {368-374}
}

@Book{agresti2002,
  key =          514,
  author =       {Alan Agresti},
  title =        {Categorical Data Analysis},
  year =         2002,
  edition =      {2nd},
  publisher =    {John Wiley \& Sons},
  address =      {Hoboken, New Jersey}
}

@Book{rasch1995,
  key =          471,
  author =       {Dieter Rasch},
  title =        {Mathematische Statistik},
  publisher =    {Johann Ambrosius Barth Verlag},
  address =      {Heidelberg, Leipzig},
  year =         1995
}

@Book{westfallyoung1993,
  key =          463,
  author =       {Peter H. Westfall and S. Stanley Young},
  title =        {Resampling-based Multiple Testing},
  publisher =    {John Wiley \& Sons},
  address =      {New York},
  year =         1993
}

@Article{strasserweber1999,
  key =          448,
  author =       {Helmut Strasser and Christian Weber},
  title =        {On the Asymptotic Theory of Permutation Statistics},
  journal =      {Mathematical Methods of Statistics},
  pages =        {220-250},
  year =         1999,
  volume =       8,
  note =         {preprint available from
                  \url{http://epub.wu-wien.ac.at/dyn/openURL?id=oai:epub.wu-wien.ac.at:epub-wu-01_94c}}
}

@Article{numerical-:1992,
  key =          116,
  author =       {Alan Genz},
  title =        {Numerical Computation of Multivariate Normal Probabilities},
  journal =      {Journal of Computational and Graphical Statistics},
  pages =        {141-149},
  year =         1992,
  volume =       1
}

@Article{pros-and-c:2000,
  key =          355,
  author =       {Vance W. Berger},
  title =        {Pros and Cons of Permutation Tests in Clinical Trials},
  journal =      {Statistics in Medicine},
  pages =        {1319-1328},
  year =         2000,
  month =        {May},
  volume =       19,
  number =       10
}

@Article{why-permut:1998,
  key =          306,
  author =       {John Ludbrook and Hugh Dudley},
  title =        {Why Permutation Tests are Superior to $t$ and {$F$} Tests in
                  Biomedical Research},
  journal =      {The American Statistician},
  pages =        {127-132},
  year =         1998,
  volume =       52,
  number =       2
}

@Manual{rcore2005,
  title =        {\textsf{R}: A Language and Environment for Statistical
                  Computing},
  author =       {{R Development Core Team}},
  organization = {R Foundation for Statistical Computing},
  address =      {Vienna, Austria},
  year =         2005,
  note =         {{ISBN} 3-900051-00-3},
  url =          {http://www.R-project.org}
}

@Book{fisher1935,
  author =       {R. A. Fisher},
  title =        {The Design of Experiments},
  year =         1935,
  publisher =    {Oliver and Boyd},
  address =      {Edinburgh, UK}
}

@Book{pesarin2001,
  author =       {Fortunato Pesarin},
  title =        {Multivariate Permutation Tests: With Applications to
                  Biostatistics},
  year =         2001,
  publisher =    {John Wiley \& Sons},
  address =      {Chichester, UK}
}

@Book{edgington1987,
  author =       {Eugene S. Edgington},
  title =        {Randomization Tests},
  publisher =    {Marcel Dekker},
  year =         1987,
  address =      {New York, USA}
}

@Book{good2000,
  author =       {Phillip I. Good},
  title =        {Permutation Tests: {A} Practical Guide to Resampling Methods
                  for Testing},
  publisher =    {Springer-Verlag},
  year =         2000,
  address =      {New York, USA}
}

@Manual{pkg:coin,
  title =        {coin: Conditional Inference Procedures in a Permutation Test
                  Framework},
  author =       {Torsten Hothorn and Kurt Hornik and Mark van de Wiel and Achim
                  Zeileis},
  year =         2006,
  note =         {{R} package version 0.4-5, \url{http://CRAN.R-project.org/}}
}

@Manual{pkg:coina,
  title =        {coin: Conditional Inference Procedures in a Permutation Test
                  Framework},
  author =       {XXXXX},
  year =         2006,
  note =         {{R} package version 0.4-6, \url{http://CRAN.R-project.org/}}
}

@Article{wieletal1999,
  author =       {Mark A. van de Wiel and A. Di Bucchianico and P. van der Laan},
  title =        {Exact distributions of nonparametric test statistics and
                  computer algebra},
  year =         1999,
  journal =      {Journal of the Royal Statistical Society D, The Statistician},
  volume =       48,
  pages =        {507-516}
}

@Book{johnsonkotz1970,
  author =       {Norman L. Johnson and Samuel Kotz},
  title =        {Distributions in Statistics: Continuous Univariate
                  Distributions 2},
  year =         1970,
  publisher =    {John Wiley \& Sons},
  address =      {New York}
}