
@manual{StatXact6,
   key       = {516},
   author    = {Cyrus R. Mehta and Nitin R. Patel},
   title     = {StatXact-6: Statistical Software for Exact Nonparametric
                Inference},
   organization = {Cytel Software Cooperation},
   year      = {2003},
   address   = {Cambridge, USA}
}

@article{vdWiel2001,
   key = {515},
   author = {Mark A. van de Wiel},
   title = {The split-up algorithm: a fast
            symbolic method for computing p-values of rank statistics},
   year = 2001,
   journal = {Computational Statistics},
   volume = 16, 
   pages = {519-538}
}

@book{Agresti2002,
   key = {514},   
   author = {Alan Agresti},
   title = {Categorical Data Analysis},
   year = 2002,
   edition = {2nd},
   publisher = {John Wiley \& Sons},
   address = {Hoboken, New Jersey}  
}

@book{Rasch1995,
   key = {471},
   author = {Dieter Rasch},
   title = {Mathematische Statistik},
   publisher = {Johann Ambrosius Barth Verlag},
   address = {Heidelberg, Leipzig},
   year = {1995}
}
 
@article{StrasserWeber1999,
   key       = {448},
   author    = {Helmut Strasser and Christian Weber},
   title     = {On the asymptotic theory of permutation statistics},
   journal   = {Mathematical Methods of Statistics},
   pages     = {220-250},
   year      = {1999},
   volume    = {8}
}

@book{HollanderWolfe1999,
   author    = {Myles Hollander and Douglas A. Wolfe},
   title     = {Nonparametric statistical inference}, 
   year      = {1999},
   publisher = {John Wiley \& Sons},
   address   = {New York},
   edition   = {2nd}
}

@article{axact-dist:1986,
   key       = {55},
   author    = {Bernd Streitberg and Joachim R\"ohmel},
   title     = {Exact Distributions for Permutations and Rank Tests:
       An Introduction to Some Recently Published Algorithms},
   journal   = {Statistical Software Newsletter},
   pages     = {10-17},
   year      = {1986},
   volume    = {12},
   number    = {1},
   note      = {{ISSN} 1609-3631}
}

@article{exakte-ver:1987,
   key       = {87},
   author    = {Bernd Streitberg and Joachim R\"ohmel},
   title     = {Exakte  {V}erteilungen f\"ur {R}ang- und {R}andomisierungstests im
       allgemeinen $c$-{S}tichprobenfall},
   journal   = {EDV in Medizin und Biologie},
   pages     = {12-19},
   year      = {1987},
   volume    = {18},
   number    = {1}
}

@article{numerical-:1992,
   key       = {116},
   author    = {Genz, Alan},
   title     = {Numerical computation of multivariate normal probabilities},
   journal   = {Journal of Computational and Graphical Statistics},
   pages     = {141-149},
   year      = {1992},
   volume    = {1}
}
