
@book{WestfallYoung1993,
   key = {463},
   author = {PH Westfall and SS Young},
   title = {Resampling-based Multiple Testing},
   publisher = {John Wiley \& Sons},
   address = {New York},
   year = {1993}
}


@Article{Hothorn:2006:AmStat,
  author        = {T Hothorn and K Hornik and
                   MA van de Wiel and A Zeileis},
  title         = {A {L}ego System for Conditional Inference},
  journal       = {The American Statistician}, 
  year          = {2006},
  volume        = {60},
  number         = {3},
  pages         = {257--263},
  doi           = {10.1198/000313006X118430},
}

@article{StrasserWeber1999,
   key       = {448},
   author    = {H Strasser and Ch Weber},
   title     = {On the asymptotic theory of permutation statistics},
   journal   = {Mathematical Methods of Statistics},
   pages     = {220-250},
   year      = {1999},
   volume    = {8}
}

@Manual{PKG:coin, 
    title = {coin: Conditional Inference Procedures in a Permutation Test
             Framework},
    author = {T Hothorn and K Hornik and MA van de Wiel
              and A Zeileis},
    year = {2007}, 
    url = {http://CRAN.R-project.org},
    note = {\RR{} package version 0.5-2}
}


@Article{Armitage:1955,
  AUTHOR = {Armitage, P},
  TITLE = {Tests for Linear Trends in Proportions and Frequencies},
  YEAR = 1955,
  JOURNAL = {Biometrics},
  VOLUME = 11,
  NUMBER = 3,
  PAGES = {375--386},
}


@Article{Sasieni:1997,
  AUTHOR = {Sasieni, PD},
  TITLE = {From genotypes to genes: {D}oubling the sample size},
  YEAR = 1997,
  JOURNAL = {Biometrics},
  VOLUME = 53,
  NUMBER = 4,
  PAGES = {1253--1261},
}


@Article{Agresti:2002,
  AUTHOR = {Agresti, A and Coull, BA},
  TITLE = {The analysis of contingency tables under inequality constraints},
  YEAR = 2002,
  JOURNAL = {Journal of Statistical Planning and Inference},
  VOLUME = 107,
  NUMBER = {1--2},
  PAGES = {45--73},
}


@Article{Slager:2001,
  AUTHOR = {Slager, SL and Schaid, DJ},
  TITLE = {Case-control studies of genetic markers: {P}ower and sample size
           approximations for {A}rmitage's test for trend},
  YEAR = 2001,
  JOURNAL = {Human Heredity},
  VOLUME = 52,
  NUMBER = 3,
  PAGES = {149--153},
}

@Article{Zheng:2006,
  AUTHOR = {Zheng, G and Freidlin, B and Gastwirth, JL},
  TITLE = {Robust genomic control for association studies},
  YEAR = 2006,
  JOURNAL = {American Journal of Human Genetics},
  VOLUME = 78,
  NUMBER = 2,
  PAGES = {350--356},
}

@Article{Zheng:2005,
  AUTHOR = {Zheng, G and Freidlin, B and Li, ZH and Gastwirth, JL},
  TITLE = {Genomic control for association studies under various genetic models},
  YEAR = 2005,
  JOURNAL = Biometrics,
  VOLUME = 61,
  NUMBER = 1,
  PAGES = {186--192},
}

@Article{Zheng:2003,
  AUTHOR = {Zheng, G and Freidlin, B and Li, ZH and Gastwirth, JL},
  TITLE = {Choice of scores in trend tests for case-control studies of
           candidate-gene associations},
  YEAR = 2003,
  JOURNAL = {Biometrical Journal},
  VOLUME = 45,
  NUMBER = 3,
  PAGES = {335--348},
}

@Article{Freidlin:2002,
  AUTHOR = {Freidlin, B and Zheng, G and Li, ZH and Gastwirth, JL},
  TITLE = {Trend tests for case-control studies of genetic markers: {P}ower,
           sample size and robustness},
  YEAR = 2002,
  JOURNAL = {Human Heredity},
  VOLUME = 53,
  NUMBER = 3,
  PAGES = {146--152},
}


@Article{Shahbazi:2002,
  AUTHOR = {Shahbazi, M and Pravica, V and Nasreen, N and Fakhoury, H and
            Fryer, AA and Strange, RC and Hutchinson, PE and Osborne, JE and Lear, JT
            and Smith, AG and Hutchinson, IV},
  TITLE = {Association between functional polymorphism in {EGF} gene and
           malignant melanoma},
  YEAR = 2002,
  JOURNAL = {The Lancet},
  VOLUME = 359,
  NUMBER = 9304,
  PAGES = {397--401},
}

@Article{Neuhauser:2002,
  AUTHOR = {Neuh{\"a}user, M},
  TITLE = {Exact tests for the analysis of case-control studies of genetic
           markers},
  YEAR = 2002,
  JOURNAL = {Human Heredity},
  VOLUME = 54,
  NUMBER = 3,
  PAGES = {151--156},
}

@Manual{          rcore2007,
  title         = {\textsf{R}: A Language and Environment for Statistical
                  Computing},
  author        = {{R Development Core Team}},
  organization  = {R Foundation for Statistical Computing},
  address       = {Vienna, Austria},
  year          = 2007,
  note          = {{ISBN} 3-900051-00-3},
  url           = {http://www.R-project.org}
}

@Article{Reich:2002,
  title = {Promoter Polymorphisms of the Genes Encoding Tumor
           Necrosis Factor-$\alpha$ and Interleukin-1$\beta$ are Associated
           with Different Subtypes of Psoriasis Characterized by Early and
           Late Disease Onset},
  author = {K Reich and R M{\"o}ssner and I R K{\"o}nig and G Westphal and A Ziegler and C Neumann},
  journal = {The Journal of Investigative Dermatology},
  volume = 118,
  number = 1,
  year = 2002,
  pages = {155--163}
}


@Article{Zang:2007,
  AUTHOR = {Y Zang and H Zhang and YN Yang and G Zheng},
  TITLE = {Robust genomic control and robust delta centralization 
           tests for case-control association studies},
  YEAR = 2007,
  JOURNAL = {Human Heredity},
  VOLUME = 63,
  NUMBER = {3--4},
  PAGES = {187--195},
}

